<?xml version="1.0" encoding="UTF-8"?><collection xmlns="http://www.loc.gov/MARC21/slim"><record><leader>00448nam--2200181-i-4500</leader><controlfield tag="001">000032071</controlfield><controlfield tag="002">20161230</controlfield><controlfield tag="005">20170307083748</controlfield><controlfield tag="008">060222s1000------------r-----000-0-rus-d</controlfield><datafield ind1=" " ind2=" " tag="040"><subfield code="a">IFIN-HH</subfield></datafield><datafield ind1=" " ind2=" " tag="041"><subfield code="a">rus</subfield></datafield><datafield ind1=" " ind2=" " tag="080"><subfield code="a">539.141</subfield></datafield><datafield ind1="1" ind2=" " tag="100"><subfield code="a">Vlasov,A.A</subfield></datafield><datafield ind1="1" ind2="0" tag="245"><subfield code="a">Teoria mnogih ceastit</subfield><subfield code="c">A.A. vlasov</subfield></datafield><datafield ind1=" " ind2=" " tag="260"><subfield code="a">Moskva</subfield><subfield code="b">Tehniko-Teoreticeskoi Literaturi</subfield><subfield code="c">1950</subfield></datafield><datafield ind1=" " ind2=" " tag="300"><subfield code="a">348P</subfield></datafield><datafield ind1=" " ind2=" " tag="852"><subfield code="a">78549</subfield><subfield code="c">539.141</subfield></datafield><datafield ind1=" " ind2=" " tag="CAT"><subfield code="a">SYS</subfield><subfield code="c">20170307</subfield><subfield code="h">083748</subfield></datafield></record></collection>